%%%%% MISC %%%%%
@misc{Streichert2002,
	 author = {Felix Streichert},
	 title = {{Introduction to Evolutionary Algorithms}},
	 year = {2002}
} %	

@misc{Jones1995,
	 author = {Terry Jones and Stephanie Forrest},
	 title = {{Genetic Algorithms and Heuristic Search}},
	 year = {1995}
} %	


%%%%% BOOKS %%%%%
@book{Luke2013,
	author = { Sean Luke },
	title = { Essentials of Metaheuristics },
	edition = { second },
	year = { 2013 },
	publisher = { Lulu }
}

@book{Jones1998,
	 author = {Gareth Jones},
	 title = {{Genetic and Evolutionary Algorithms}},
	 year = {1998},
	 publisher = {{John Wiley \& Sons, Ltd}},
	 booktitle = {Encyclopedia of Computational Chemistry},
	 isbn = {9780470845011},
	 url = {http://dx.doi.org/10.1002/0470845015.cga004},
	 doi = {10.1002/0470845015.cga004}
} %	

@book{Mitchell1996,
 author = {Mitchell, Melanie},
 title = {An Introduction to Genetic Algorithms},
 year = {1996},
 isbn = {0-262-13316-4},
 publisher = {MIT Press},
 address = {Cambridge, MA, USA}
} 

@book{Holland1975,
	author = {Holland, John H.},
	title = {Adaptation in Natural and Artificial Systems},
	year = {1975},
	isbn = {0-262-58111-6},
	publisher = {MIT Press}
}

%%%%% ARTICLES %%%%%
@article{Dorea2010,
	 author = {Dorea, {Chang C. Y.} and Guerra {Jr.}, {Judinor A.} and Rafael Morgado and Pereira, {Andre G. C.}},
	 title = {{Multistage Markov Chain Modeling of the Genetic Algorithm and Convergence Results}},
	 year = {2010},
	 month = {},
	 journal = {Numerical Functional Analysis and Optimization},
	 volume = {31},
	 number = {164-171},
	 pages = {},
	 url	 = {},
	 keywords = {}
} %	

@article{Chatterjee1996,
	 author = {Chatterjee, {Sangit} and Laudato, {Matthew} and Lynch, {Lucy A.}},
	 title = {{Genetic algorithms and their statistical applications: an introduction}},
	 year = {1996},
	 month = {},
	 journal = {Computational Statistics \& Data Analysis},
	 volume = {22},
	 number = {},
	 pages = {633-651},
	 url	 = {},
	 keywords = {}
} %

@article{McCall2005,
	 author = {John McCall},
	 title = {{Genetic algorithms for modelling and optimisation}},
	 year = {2005},
	 month = {},
	 journal = {Computational and Applied Mathematics},
	 volume = {184},
	 number = {205-222},
	 pages = {},
	 url	 = {},
	 keywords = {}
} %

@article{He1999,
	author = {He, {Jun} and Kang, {Lishan}},
	title = {{On the convergence rates of genetic algorithms.}},
	year = {1999},
	month = {},
	journal = {Theoretical Computer Science},
	volume = {229},
	number = {},
	pages = {23 -- 39},
	keywords = {published}
} % url = {}

@article{Schmitt2001,
	author = {Lothar M. Schmitt},
	title = {{Theory of genetic algorithms.}},
	year = {2001},
	month = {},
	journal = {Theoretical Computer Science},
	volume = {259},
	number = {},
	pages = {1 -- 61},
	keywords = {published}
} % url = {}

@article{Schmitt2004,
	author = {Lothar M. Schmitt},
	title = {{Theory of Genetic Algorithms II: models for genetic operators over the string-tensor representation of populations and convergence to global optima for abrbitrary fitness function under scaling.}},
	year = {2004},
	month = {},
	journal = {Theoretical Computer Science},
	volume = {310},
	number = {},
	pages = {181 -- 231},
	keywords = {published}
} % url = {}

@article{Eiben1991,
	author = {Eiben, {A. E.} and Aarts, {E. H. L.} and Van Hee, {K. M.}},
	title = {{Global convergence of genetic algorithms: A Markov chain analysis.}},
	year = {1991},
	month = {},
	journal = {Parallel Problem Solving from Nature},
	volume = {44},
	number = {},
	pages = {3 -- 12},
	keywords = {published}
} % url = {}

@unpublished{HeLin2015,
	author = {He, J. and Lin, G.},
	title = {Average Convergence Rate of Evolutionary Algorithms},
	year = {2015},
	journal = {arXiv},
	url = {http://arxiv.org/abs/1504.08117},
	keywords = {unpublished}
}

@article{Muhlenbein1991,
	author = {M{\"{u}}hlenbein, {Heinz}},
	title = {{Evolution in Time and Space - The Parallel Genetic Algorithm}},
	year = {1991},
	month = {},
	journal = {Foundations of Genetic Algorithms},
	volume = {},
	number = {},
	pages = {316 -- 338},
	keywords = {published}
}

@article{Muhlenbein1991b,
	author = {M{\"{u}}hlenbein, {Heinz} and Schomisch, {M.} and Born, {J.}},
	title = {{The parallel genetic algorithm as function optimizer}},
	year = {1991},
	month = {},
	journal = {Parallel Computing},
	volume = {},
	number = {},
	pages = {619 -- 632},
	keywords = {published}
}

@article{Balding1994,
	author = {Balding, {David J.} and Nichols, {Richard, A.}},
	title = {{DNA profile match probability calculation: how to allow for population stratification, relatedness, database selection and single bands}},
	year = {1994},
	month = {},
	journal = {Forensic Science International},
	volume = {64},
	number = {},
	pages = {125 -- 140},
	keywords = {published}
}

@article{Balding2003,
	author = {Balding, {David J.}},
	title = {{Likelihood-based inference for genetic correlation coefficient}},
	year = {2003},
	month = {},
	journal = {Theoretical Population Biology},
	volume = {63},
	number = {},
	pages = {221 -- 230},
	keywords = {published}
}

@article{Vilsen2017b, 
	author = {Vilsen, {SÃ¸ren B.} and Tvedebrink, Torben and Eriksen, Poul Svante and Mogensen, Helle Smidt and Morling, Niels},
	title = {{Analysing allelic drop-out in MPS STR forensic genetics data}},
	year = {2017},
	keywords = {(in preperation)}
}

@article{steele_2016,
	author = {Steele, {Christopher D.} and Matthew Greenhalgh and Balding, {David J.}},
	title = {{Evaluation of low-template DNA profiles using peak heights}},
	year = {2016},
	month = {},
	journal = {Statistical Applications in Genetics and Molecular Biology},
	volume = {15},
	number = {},
	pages = {431 -- 445},
	keywords = {published}
}

@article{oyvind_bleka_2016,
	author = {Bleka, {{\O}yvind.} and Storvik, {Geir} and Gill, {Peter}},
	title = {{EuroForMix: An open source software based on a continuous model to evaluate STR DNA profiles from a mixture of contributors with artefacts}},
	year = {2016},
	month = {},
	journal = {Forensic Science International: Genetics},
	volume = {21},
	number = {},
	pages = {35 -- 44},
	keywords = {published}
}

@article{cowell_etal_2015,
	author = {Cowell, {Robert G.} and Therese Graversen and Lauritzen, {Steffen L.} and Julia Mortera},
	title = {{Analysis of Forensic DNA Mixtures with Artefacts}},
	year = {2015},
	month = {},
	journal = {Royal Statistical Society. Journal Series C: Applied Statistics},
	volume = {64},
	number = {},
	pages = {1 -- 32},
	keywords = {published}
} % url = {}

@article{curran_2007,
	 author = {Curran, {James M.}},
	 title = {{A MCMC method for resolving two person mixtures}},
	 year = {2007},
	 month = {},
	 journal = {Science and Justice},
	 volume = {48},
	 number = {},
	 pages = {168 -- 177},
	 keywords = {published}
} %	 url	 = {},

@article{kelly_etal_2012,
	 author = {Hannah Kelly and Jo-Anne Bright and James Curran and John Buckleton},
	 title = {{The interpretation of low level DNA mixtures}},
	 year = {2012},
	 month = {},
	 journal = {Forensic Science International: Genetics},
	 volume = {6},
	 number = {},
	 pages = {191 -- 197},
	 keywords = {published}
} %	 url	 = {},

@article{taylor_etal_2013,
	 author = {Duncan Taylor and Jo-Anne Bright and Buckleton, {John S.}},
	 title = {{The interpretation of single source and mixed DNA profile}},
	 year = {2013},
	 month = {},
	 journal = {Forensic Science International: Genetics},
	 volume = {7},
	 number = {},
	 pages = {516 -- 528},
	 keywords = {published}
} %	 url	 = {},

@article{bright_etal_2013,
	 author = {Jo-Anne Bright and Duncan Taylor and Curran, {James M.} and Buckleton, {John S.}},
	 title = {{Developing allelic and stutter peak height models for a continuous method of DNA interpretation}},
	 year = {2013},
	 month = {},
	 journal = {Forensic Science International: Genetics},
	 volume = {7},
	 number = {},
	 pages = {296 -- 304},
	 keywords = {published}
} %	 url	 = {},

@article{gill_etal_2005,
	 author = {Peter Gill and James Curran and Keith Elliot},
	 title = {{A graphical simulation model of the entire DNA process associated with the analysis of short tandem repeat loci}},
	 year = {2005},
	 month = {},
	 journal = {Nucleic Acids Research},
	 volume = {33},
	 number = {},
	 pages = {632 -- 643},
	 keywords = {published}
} %	 url	 = {},

@article{tvedebrink_etal_2009,
	 author = {Torben Tvedebrink and Poul Svante Eriksen and Helle Smidt Mogensen and Niels Morling},
	 title = {{Estimating the probability of allelic drop-out of STR alleles in forensic genetics}},
	 year = {2009},
	 month = {},
	 journal = {Forensic Science International: Genetics},
	 volume = {3},
	 number = {},
	 pages = {222 -- 226},
	 keywords = {published}
} %	 url	 = {},

@article{tvedebrink_etal_2010,
	 author = {Torben Tvedebrink and Poul Svante Eriksen and Helle Smidt Mogensen and Niels Morling},
	 title = {{Evaluating the weight of evidence using quantitative STR data in DNA mixtures}},
	 year = {2010},
	 month = {},
	 journal = {Royal Statistical Society: Applied Statistics},
	 volume = {59},
	 number = {},
	 pages = {855 -- 874},
	 keywords = {published}
} %	 url	 = {},

@article{tvedebrink_etal_2012,
	 author = {Torben Tvedebrink and Poul Svante Eriksen and Maria Asplund and Helle Smidt Mogensen and Niels Morling},
	 title = {{Allelic drop-out probabilities estimated by logistic regression - Further considerations and practical implementation}},
	 year = {2012},
	 month = {},
	 journal = {Forensic Science International: Genetics},
	 volume = {6},
	 number = {},
	 pages = {263 -- 267},
	 keywords = {published}
} %	 url	 = {},

@article{tvedebrink_etal_2013,
	 author = {Torben Tvedebrink and Maria Asplund and Poul Svante Eriksen and Helle Smidt Mogensen and Niels Morling},
	 title = {{Estimating drop-out probabilities of STR alleles accounting for stutters, detection threshold truncation and degradation}},
	 year = {2013},
	 month = {},
	 journal = {Forensic Science International: Genetics Supplement Series},
	 volume = {4},
	 number = {},
	 pages = {e51 -- e52},
	 keywords = {published}
} %	 url	 = {},

@book{wu_2009,
	 author = {Lang Wu},
	 title = {{Mixed Effects Models for Complex Data}},
	 year = {2009},
	 keywords = {}
} %	

@article{hughes_1999, 
	author = {Hughes, {James P.}},
	title = {{Mixed Effects Models with Censored Data with Application to HIV RNA Levels}},
	year = {1999},
	journal = {Biometrics},
	volume = {55},
	pages = {625-629}
} %


@article{rue_etal_2009, 
	author = {H\aa vard Rue and Sara Martino and Nicholas Chopin},
	title = {{Approximate Bayesian inference for latent Gaussian models by using integrated nested Laplace approximation}},
	year = {2009},
	journal = {Royal Statistical Society: Series B},
	volume = {71},
	pages = {319-392}
} %

@article{martino_etal_2011, 
	author = {Sara Martino and Rupali Akerkar and H\aa vard Rue},
	title = {{Approximate Bayesian Inference for Survival Models}},
	year = {2011},
	journal = {Scandinavian Journal of Statistics},
	volume = {38},
	pages = {514-528}
} %

@article{vilsen_etal_2015, 
	author = {Vilsen, S\o ren B. and Torben Tvedebrink and Mogensen, Helle Smidt and Niels Morling},
	title = {{Modelling noise in second generation sequencing forensic genetics STR data using a one-inflated (zero-truncated) negative binomial model}},
	year = {2015},
	journal = {Forensic Science International: Genetics Supplement Series},
	volume = {5},
	pages = {e416-e417}
} %

@article{bates_etal_2015,
    title = {Fitting Linear Mixed-Effects Models Using {lme4}},
    author = {Douglas Bates and Martin M{\"a}chler and Ben Bolker and Steve Walker},
    journal = {Journal of Statistical Software},
    year = {2015},
    volume = {67},
    pages = {1--48},
    doi = {10.18637/jss.v067.i01},
}

@manual{r_2015,
    title = {R: A Language and Environment for Statistical Computing},
    author = {{R Core Team}},
    organization = {R Foundation for Statistical Computing},
    address = {Vienna, Austria},
    year = {2015},
    url = {https://www.R-project.org/},
}

@misc{dbSNP,
    title = {{dbSNP}},
    url = {http://www.ncbi.nlm.nih.gov/SNP/}
}

@misc{straitrazor,
    title = {{STRait Razor}},
    url = {https://www.unthsc.edu/graduate-school-of-biomedical-sciences/molecular-and-medical-genetics/laboratory-faculty-and-staff/strait-razor/},
}
  
@article{brier_1950,
	author = {Glenn W. Brier},
	title = {Verification of the forecasts expressed in terms of probability},
	journal = {Monthly Weather Review},
	volume = {78},
	pages = {1-3},
	year = {1950},
}

@article{fordyce_etal_2015,
	 author = {Fordyce, {Sarah L.} and Mogensen, {Helle Smidt} and Claus B\o rsting and LagacÃ©, {Robert E.} and Chien-Wei Chang and Narasimhan Rajagopalan and Niels Morling},
	 title = {{Second-generation sequecing of forensic STRs using the Ion Torrent\textsuperscript{TM} HID STR 10-plex and the Ion PGM}},
	 year = {2015},
	 month = {},
	 journal = {Forensic Science International: Genetics},
	 volume = {14},
	 number = {},
	 pages = {132 -- 140},
	 keywords = {published}
 } %	 url	 = {},
 
 @article{fordyce_etal_2011,
	 author = {Fordyce, {Sarah L.} and Avila-Arcos, {Maria C.} and Eszter Rockenbauer and Claus B\o rsting and Frank-Hansen, Rune and Petersen, {Fredrik Torp} and Eske Willerslev and Hansen, {Anders J.} and Niels Morling and Gilbert, {M. Thomas P.}},
	 title = {{High-throughput sequencing of core STR loci for forensic genetic investigations using the Roche Genome Sequencer FLX platform}},
	 year = {2011},
	 month = {},
	 journal = {BioTechniques},
	 volume = {51},
	 number = {},
	 pages = {127 -- 133},
	 keywords = {published}
} %	 url	 = {},

@book{McCullaghNelder,
	author = {McCullagh, {P.} and Nelder, {J. A.}},
	title = {{Generalized Linear Models}},
	year = {1989},
	keywords = {}
}

@book{Wu2009,
	 author = {Lang Wu},
	 title = {{Mixed Effects Models for Complex Data}},
	 year = {2009},
	 keywords = {}
} %	

@book{Robert2010,
	 author = {{Christian P.} Robert and George Casella},
	 title = {{Introducing Monte Carlo Methods with R}},
	 year = {2010},
	 keywords = {}
} %

@book{Pinheiro2000,
	 author = {Pinheiro, {JosÃ© C.} and Bates, {Douglas M.}},
	 title = {{Mixed-Effects Models in S and S-PLUS}},
	 year = {2000},
	 keywords = {}
} %

@article{Parson2016,
author = {Parson, Walther and Ballard, David and Budowle, Bruce and Butler, John M. and Gettings, Katherine B. and Gill, Peter and Gusm{\~{a}}o, Leonor and Hares, Douglas R. and Irwin, Jodi A. and King, Jonathan L. and Knijff, Peter De and Morling, Niels and Prinz, Mechthild and Schneider, Peter M. and Neste, Christophe Van and Willuweit, Sascha and Phillips, Christopher},
doi = {10.1016/j.fsigen.2016.01.009},
file = {:home/vilsen/Documents/Mendeley Desktop/Parson et al/Forensic Science International Genetics/Parson et al. - 2016 - Massively parallel sequencing of forensic STRs Considerations of the DNA commission of the International Society.pdf:pdf},
isbn = {1878-0326 (Electronic)$\backslash$r1872-4973 (Linking)},
issn = {18780326},
journal = {Forensic Science International: Genetics},
keywords = {MPS,Massively parallel sequencing,NGS,Next generation sequencing,Nomenclature,STRs,Short tandem repeats},
pages = {54--63},
pmid = {26844919},
publisher = {Elsevier Ireland Ltd},
title = {{Massively parallel sequencing of forensic STRs: Considerations of the DNA commission of the International Society for Forensic Genetics (ISFG) on minimal nomenclature requirements}},
url = {http://dx.doi.org/10.1016/j.fsigen.2016.01.009},
volume = {22},
year = {2016}
}

@article{Wedderburn1974,
	author = {McCullagh, {P.} and Nelder, {J. A.}},
	title = {{Quasi likelihood functions, generalised linear models, and Gauss-Newton method}},
	year = {1974},
	journal = {Biometrika},
	volume = {61},
	pages = {439-447}
}

@article{Vilsen2017,
	author = {Vilsen, {S\o ren B.} and Tvedebrink, {Tvede} and Mogensen, {Helle S.} and Morling, Niels},
	title = {{Statistical Modelling of Ion PGM HID STR 10-plex MPS Data}},
	year = {2017},
	journal = {Forensic Science International: Genetics},
	volume = {28},
	pages = {82-89}
}

@article{Vilsen2017b,
	author = {Vilsen, {S\o ren B.} and Tvedebrink, {Tvede} and Mogensen, {Helle S.} and Morling, Niels},
	title = {{Stutter analysis of complex STR MPS data}},
	year = {2017},
	journal = {Forensic Science International: Genetics},
	volume = {},
	pages = {},
	note = {(In progress)}
}

@article{North2002, 
	author = {North, {B. V.} and Curtis, {D.} and Sham, {P. C.}},
	title = {{A Note on the Calculation of Empirical P Values from Monte Carlo Procedures}},
	year = {2002},
	journal = {American Journal of Human Genetics},
	volume = {71},
	pages = {439-441}
} %

@article{Mi2015, 
	author = {Mi, {Gu} and Di, {Yanming} and Schafer, {Daniel W.}},
	title = {{Goodness-of-Fit Tests and Model Diagnostics for Negative Binomial Regression of RNA Sequencing Data}},
	year = {2015},
	journal = {PLOS ONE},
	volume = {10},
	pages = {1-16}
} %


@article{Hughes1999, 
	author = {Hughes, {James P.}},
	title = {{Mixed Effects Models with Censored Data with Application to HIV RNA Levels}},
	year = {1999},
	journal = {Biometrics},
	volume = {55},
	pages = {625-629}
} %

@article{Vaida2007, 
	author = {Florin Vaida and Fitzgerald, {Anthony P.} and Victor DeGruttola},
	title = {{Efficient Hybrid EM for Linear and Nonlinear Mixed Effects Models with Censored Response}},
	year = {2007},
	journal = {Computational Statistics and Data Analysis},
	volume = {51},
	pages = {5718-5730}
} %

@article{Brier1950,
	author = {Glenn W. Brier},
	title = {Verification of forecasts expressed in terms of proability},
	journal = {Monthly Weather Review},
	volume = {78},
	pages = {1-3},
	year = {1950},
}

@article{Graversen2015,
	author = {Graversen, Therese and Lauritzen, Steffen},
	title = {Computational aspects of {DNA} mixture analysis},
	journal = {{Statistics and Computing}},
	volume = {25},
	pages = {527-541},
	year = {2015}
}

@article{Cowell2011,
	author = {Cowell, {Robert G.} and Lauritzen, Steffen and Mortera, Julia},
	title = {Probabilistic expert systems for handling artifacts in complex DNA mixtures},
	journal = {{Forensic Science International: Genetics}},
	volume = {5},
	pages = {202-209},
	year = {2011}
}

@article{Cowell2015,
	author = {Cowell, {Robert G.} and Graversen, Therese and Lauritzen, Steffen and Mortera, Julia},
	title = {Analysis of DNA mixtures with artefacts (with discussion)},
	journal = {{Royal Statistical Society: Series C}},
	volume = {64},
	pages = {1-48},
	year = {2015}
}

@article{Warshauer2015,
author = {Warshauer, David H. and King, Jonathan L. and Budowle, Bruce},
journal = {Forensic Science International: Genetics},
pages = {182--186},
publisher = {Elsevier Ireland Ltd},
title = {{STRait Razor v2.0: The improved STR Allele Identification Tool-Razor}},
volume = {14},
year = {2015}
}

@article{King2017,
author = {King, Jonathan L. and Wendt, Frank R. and Sun, Jie and Budowle, Bruce},
journal = {Forensic Science International: Genetics},
pages = {21--28},
title = {{STRait Razor v2s: Advancing sequence-based STR allele reporting and beyond to other marker systems}},
volume = {29},
year = {2017}
}

@article{Woerner2017,
author = {Woerner, August E. and King, Jonathan L. and Budowle, Bruce},
journal = {Forensic Science International: Genetics},
pages = {18--23},
title = {{Fast STR allele identification with STRait Razor 3.0}},
volume = {30},
year = {2017}
}

@article{Warshauer2013,
author = {Warshauer, David H. and Lin, David and Hari, Kumar and Jain, Ravi and Davis, Carey and Larue, Bobby and King, Jonathan L. and Budowle, Bruce},
journal = {Forensic Science International: Genetics},
pages = {409--417},
title = {{STRait Razor: A length-based forensic STR allele-calling tool for use with second generation sequencing data}},
volume = {7},
year = {2013}
}


@article{Young2017,
author = {Young, Brain and King, Jonathan L. and Budowle, Bruce and Armogida, Luigi},
journal = {PLoS ONE},
title = {{A technigue for setting analytical thresholds in massively parallel sequencing-based forensic DNA analysis}},
volume = {12},
year = {2017}
}
